<record><leader>03131cam a2200529 i 45 0</leader><controlfield tag="001">6802405</controlfield><controlfield tag="003">OCoLC</controlfield><controlfield tag="005">20150210163841.0</controlfield><controlfield tag="006">m    |o  d |      </controlfield><controlfield tag="007">cr*|||||||||||</controlfield><controlfield tag="008">140911s2015    enk     o     000 0 eng  </controlfield><datafield ind1=" " ind2=" " tag="010"><subfield code="a">  2014035054</subfield></datafield><datafield ind1=" " ind2=" " tag="015"><subfield code="a">GBB4D3420</subfield><subfield code="2">bnb</subfield></datafield><datafield ind1="7" ind2=" " tag="016"><subfield code="a">016954594</subfield><subfield code="2">Uk</subfield></datafield><datafield ind1=" " ind2=" " tag="020"><subfield code="a">9781316027059 (ebook)</subfield></datafield><datafield ind1=" " ind2=" " tag="020"><subfield code="a">9781107084872 (hardback)</subfield></datafield><datafield ind1=" " ind2=" " tag="020"><subfield code="a">1107084873 (hardback)</subfield></datafield><datafield ind1=" " ind2=" " tag="020"><subfield code="a">9781107446861 (paperback)</subfield></datafield><datafield ind1=" " ind2=" " tag="020"><subfield code="a">1107446864 (paperback)</subfield></datafield><datafield ind1=" " ind2=" " tag="035"><subfield code="a">ocn903236746</subfield></datafield><datafield ind1=" " ind2=" " tag="040"><subfield code="a">DLC</subfield><subfield code="b">eng</subfield><subfield code="e">rda</subfield><subfield code="c">DLC</subfield><subfield code="d">OCLCO</subfield><subfield code="d">BTCTA</subfield><subfield code="d">UKMGB</subfield><subfield code="d">YDXCP</subfield><subfield code="d">CDX</subfield><subfield code="d">AEU</subfield></datafield><datafield ind1=" " ind2=" " tag="042"><subfield code="a">pcc</subfield></datafield><datafield ind1=" " ind2=" " tag="043"><subfield code="a">e-uk---</subfield></datafield><datafield ind1="0" ind2="0" tag="050"><subfield code="a">HQ613</subfield><subfield code="b">.S77 2015</subfield></datafield><datafield ind1="0" ind2="0" tag="082"><subfield code="a">306.874/2094109034</subfield><subfield code="2">23</subfield></datafield><datafield ind1=" " ind2=" " tag="084"><subfield code="a">HIS015000</subfield><subfield code="2">bisacsh</subfield></datafield><datafield ind1=" " ind2=" " tag="090"><subfield code="a">Internet Access</subfield><subfield code="b">AEU</subfield></datafield><datafield ind1="1" ind2=" " tag="100"><subfield code="a">Strange, Julie-Marie,</subfield><subfield code="d">1973-</subfield></datafield><datafield ind1="1" ind2="0" tag="245"><subfield code="a">Fatherhood and the British working class, 1865-1914 /</subfield><subfield code="c">Julie-Marie Strange.</subfield></datafield><datafield ind1=" " ind2="1" tag="264"><subfield code="a">Cambridge, United Kingdom  :</subfield><subfield code="b">Cambridge University Press,</subfield><subfield code="c">2015.</subfield></datafield><datafield ind1=" " ind2=" " tag="300"><subfield code="a">1 online resource.</subfield></datafield><datafield ind1=" " ind2=" " tag="336"><subfield code="a">text</subfield><subfield code="2">rdacontent</subfield></datafield><datafield ind1=" " ind2=" " tag="337"><subfield code="a">computer</subfield><subfield code="2">rdamedia</subfield></datafield><datafield ind1=" " ind2=" " tag="338"><subfield code="a">online resource</subfield><subfield code="2">rdacarrier</subfield></datafield><datafield ind1=" " ind2=" " tag="506"><subfield code="a">Access restricted to authorized users and institutions.</subfield></datafield><datafield ind1=" " ind2=" " tag="520"><subfield code="a">"A pioneering study of Victorian and Edwardian fatherhood, investigating what being, and having, a father meant to working-class people. Based on working-class autobiography, the book challenges dominant assumptions about absent or 'feckless' fathers, and reintegrates the paternal figure within the emotional life of families. Locating this autobiography within broader social and cultural commentary, Julie-Marie Strange considers material culture, everyday practice, obligation, duty and comedy as sites for the development and expression of complex emotional lives. Emphasising the importance of separating men as husbands from men as fathers, Strange explores how emotional ties were formed between fathers and their children, the models of fatherhood available to working-class men, and the ways in which fathers interacted with children inside and outside the home. She explodes the myth that working-class interiorities are inaccessible or unrecoverable, and locates life stories in the context of other sources, including social surveys, visual culture and popular fiction"--</subfield><subfield code="c">Provided by publisher.</subfield></datafield><datafield ind1=" " ind2=" " tag="596"><subfield code="a">44</subfield></datafield><datafield ind1=" " ind2="0" tag="650"><subfield code="a">Fatherhood</subfield><subfield code="z">Great Britain</subfield><subfield code="x">History</subfield><subfield code="y">19th century.</subfield></datafield><datafield ind1=" " ind2="0" tag="650"><subfield code="a">Fatherhood</subfield><subfield code="z">Great Britain</subfield><subfield code="x">History</subfield><subfield code="y">20th century.</subfield></datafield><datafield ind1=" " ind2="0" tag="650"><subfield code="a">Working class families</subfield><subfield code="z">Great Britain</subfield><subfield code="x">History</subfield><subfield code="y">19th century.</subfield></datafield><datafield ind1=" " ind2="0" tag="650"><subfield code="a">Working class families</subfield><subfield code="z">Great Britain</subfield><subfield code="x">History</subfield><subfield code="y">20th century.</subfield></datafield><datafield ind1=" " ind2="0" tag="650"><subfield code="a">Working class men</subfield><subfield code="z">Great Britain</subfield><subfield code="x">History</subfield><subfield code="y">19th century.</subfield></datafield><datafield ind1=" " ind2="0" tag="650"><subfield code="a">Working class men</subfield><subfield code="z">Great Britain</subfield><subfield code="x">History</subfield><subfield code="y">20th century.</subfield></datafield><datafield ind1=" " ind2="0" tag="651"><subfield code="a">Great Britain</subfield><subfield code="x">Social conditions</subfield><subfield code="y">19th century.</subfield></datafield><datafield ind1=" " ind2="0" tag="651"><subfield code="a">Great Britain</subfield><subfield code="x">Social conditions</subfield><subfield code="y">20th century.</subfield></datafield><datafield ind1="4" ind2="0" tag="856"><subfield code="3">University of Alberta Access</subfield><subfield code="u">http://dx.doi.org/10.1017/CBO9781316027059</subfield></datafield><datafield ind1=" " ind2=" " tag="926"><subfield code="a">Internet Access</subfield><subfield code="w">LC</subfield><subfield code="c">1</subfield><subfield code="i">6802405-1001</subfield><subfield code="l">INTERNET</subfield><subfield code="m">UAINTERNET</subfield><subfield code="r">Y</subfield><subfield code="s">Y</subfield><subfield code="t">E-RESOURCE</subfield><subfield code="u">2/10/2015</subfield><subfield code="x">E-BOOK</subfield><subfield code="z">CBO</subfield></datafield></record>